<record><leader>00000cas a2200000 a 4500</leader><controlfield tag="001">10583257</controlfield><controlfield tag="008">840402d18761885wauwr ne      0    0eng d</controlfield><datafield ind1=" " ind2=" " tag="010"><subfield code="a">sn 84022800 </subfield></datafield><datafield ind1=" " ind2=" " tag="040"><subfield code="a">NPX</subfield><subfield code="b">eng</subfield><subfield code="c">NPX</subfield><subfield code="d">DLC</subfield><subfield code="d">SLZ</subfield><subfield code="d">OCL</subfield><subfield code="d">OCLCQ</subfield><subfield code="d">WAU</subfield><subfield code="d">OCLCQ</subfield><subfield code="d">OCLCF</subfield><subfield code="d">OCLCO</subfield></datafield><datafield ind1=" " ind2=" " tag="042"><subfield code="a">msc</subfield></datafield><datafield ind1=" " ind2=" " tag="043"><subfield code="a">n-us-wa</subfield></datafield><datafield ind1="0" ind2="0" tag="050"><subfield code="a">Newspaper 10147-X</subfield></datafield><datafield ind1="0" ind2=" " tag="130"><subfield code="a">Walla Walla watchman (Walla Walla, Wash. : 1876)</subfield></datafield><datafield ind1="1" ind2="0" tag="245"><subfield code="a">Walla Walla watchman.</subfield></datafield><datafield ind1="1" ind2="3" tag="246"><subfield code="a">Semi-weekly watchman</subfield></datafield><datafield ind1=" " ind2=" " tag="260"><subfield code="a">Walla Walla, Wash. Terr. :</subfield><subfield code="b">B.M. Washburn</subfield></datafield><datafield ind1=" " ind2=" " tag="300"><subfield code="a">v. :</subfield><subfield code="b">ill. (chiefly advertisements) ;</subfield><subfield code="c">61 cm.</subfield></datafield><datafield ind1=" " ind2=" " tag="310"><subfield code="a">Weekly,</subfield><subfield code="b">Jan. 1877-1885</subfield></datafield><datafield ind1=" " ind2=" " tag="321"><subfield code="a">Semiweekly,</subfield><subfield code="b">May 27, 1876-Jan. 6, 1877</subfield></datafield><datafield ind1="1" ind2=" " tag="362"><subfield code="a">Began with May 27, 1876 issue; ceased with Apr. 17, 1885 issue?</subfield></datafield><datafield ind1=" " ind2=" " tag="530"><subfield code="a">Also issued on microfilm from University of California; University of Washington.</subfield></datafield><datafield ind1=" " ind2=" " tag="580"><subfield code="a">Merged with: Journal (Walla Walla, Wash.), to form: Journal and watchman.</subfield></datafield><datafield ind1=" " ind2=" " tag="588"><subfield code="a">Description based on: Vol. 1, no. 12 (July 15, 1876).</subfield></datafield><datafield ind1=" " ind2="0" tag="651"><subfield code="a">Walla Walla (Wash.)</subfield><subfield code="v">Newspapers.</subfield></datafield><datafield ind1=" " ind2="7" tag="655"><subfield code="a">Newspapers.</subfield><subfield code="2">fast</subfield><subfield code="0">(OCoLC)fst01423814</subfield></datafield><datafield ind1=" " ind2="7" tag="651"><subfield code="a">Washington (State)</subfield><subfield code="z">Walla Walla.</subfield><subfield code="2">fast</subfield><subfield code="0">(OCoLC)fst01208940</subfield></datafield><datafield ind1=" " ind2=" " tag="752"><subfield code="a">United States</subfield><subfield code="b">Washington</subfield><subfield code="c">Walla Walla</subfield><subfield code="d">Walla Walla.</subfield></datafield><datafield ind1="1" ind2=" " tag="775"><subfield code="t">Daily watchman</subfield></datafield><datafield ind1="0" ind2="0" tag="780"><subfield code="t">Semi-weekly spirit</subfield><subfield code="w">(DLC)sn 88085417</subfield></datafield><datafield ind1="1" ind2="7" tag="785"><subfield code="t">Journal (Walla Walla, Wash.)</subfield><subfield code="w">(DLC)sn 88085403</subfield></datafield><datafield ind1="1" ind2="7" tag="785"><subfield code="t">Journal and watchman</subfield></datafield></record>